
% ARTICLES (FLUID DYNAMICS)

@article{Brody1996,
author = {Brody, J and Yager, P and Goldstein, R and Austin, R},
doi = {10.1016/S0006-3495(96)79538-3},
file = {:D$\backslash$:/MendeleyPapers/Brody et al./1996/Biotechnology at low Reynolds numbers - 1996.pdf:pdf},
issn = {00063495},
journal = {Biophysical Journal},
month = dec,
number = {6},
pages = {3430--3441},
publisher = {Elsevier},
title = {{Biotechnology at low Reynolds numbers}},
url = {http://linkinghub.elsevier.com/retrieve/pii/S0006349596795383},
volume = {71},
year = {1996}
} 


% Arduino webpage
@misc{ArduinoDue,
author = {Arduino},
title = {Arduino Due Overview},
month = {April},
year = {2013},
url = {http://arduino.cc/en/Main/ArduinoBoardDue}
}

%The computer mouse turns 40
@misc{Mouse40,
author = {Benj Edwards},
title = {The computer mouse turns 40},
month = {December},
year = {2009},
url = {http://www.macworld.com/article/1137400/mouse40.html}
}

@misc{GartnerMobility,
author = {Janessa Rivera},
title = {Gartner Says Mobility Is Reshaping Consumer Gadget Spending and Behavior},
month = {March},
year = {2013},
url = {http://www.gartner.com/newsroom/id/2370215}
}

@misc{GartnerMobility,
author = {Janessa Rivera},
title = {Gartner Says Mobility Is Reshaping Consumer Gadget Spending and Behavior},
month = {March},
year = {2013},
url = {http://www.gartner.com/newsroom/id/2370215}
}

@misc{LeapMotion,
author = {Marc},
title = {The Unofficial Leap FAQ},
month = {May},
year = {2012},
url = {https://forums.leapmotion.com/showthread.php?420-The-unofficial-Leap-FAQ}
}

%Pioneers in Canadian Electrical Manufacturing
@book{Pioneers,
    author    = "Norman R. Ball and John N. Vardalas",
    title     = "Ferranti-Packard: Pioneers in Canadian Electrical Manufacturing",
    publisher = "Mcgill Queens Univ Pr",
    month 	  = "January",
    year      = "1994"
}